<record><leader>00000cas a22000007a 4500</leader><controlfield tag="001">16670148</controlfield><controlfield tag="008">870911d18711uuuiauuu n       0    0eng d</controlfield><datafield ind1=" " ind2=" " tag="010"><subfield code="a">sn 87058501 </subfield></datafield><datafield ind1=" " ind2=" " tag="040"><subfield code="a">INP</subfield><subfield code="b">eng</subfield><subfield code="c">INP</subfield><subfield code="d">OCLCQ</subfield></datafield><datafield ind1=" " ind2=" " tag="042"><subfield code="a">msc</subfield></datafield><datafield ind1="0" ind2=" " tag="130"><subfield code="a">Business directory (Storm Lake, Iowa)</subfield></datafield><datafield ind1="1" ind2="0" tag="245"><subfield code="a">Business directory.</subfield></datafield><datafield ind1=" " ind2=" " tag="260"><subfield code="a">Storm Lake, Iowa :</subfield><subfield code="b">[s.n.],</subfield><subfield code="c">1871-</subfield></datafield><datafield ind1=" " ind2=" " tag="300"><subfield code="a">v.</subfield></datafield><datafield ind1="0" ind2=" " tag="362"><subfield code="a">Vol. 1, no. 1 (Dec. 16, 1871)-</subfield></datafield><datafield ind1=" " ind2=" " tag="752"><subfield code="a">United States</subfield><subfield code="b">Iowa</subfield><subfield code="c">Buena Vista</subfield><subfield code="d">Storm Lake.</subfield></datafield></record>